<?xml version="1.0" encoding="UTF-8"?><collection xmlns="http://www.loc.gov/MARC21/slim"><record><leader>00561nam--2200181-i-4500</leader><controlfield tag="001">000026558</controlfield><controlfield tag="002">20161230</controlfield><controlfield tag="005">20161230201036</controlfield><controlfield tag="008">060222s1000------------r-----000-0-eng-d</controlfield><datafield ind1=" " ind2=" " tag="040"><subfield code="a">IFIN-HH</subfield></datafield><datafield ind1=" " ind2=" " tag="080"><subfield code="a">681.3.01(036)</subfield></datafield><datafield ind1="1" ind2=" " tag="100"><subfield code="a">Sippl, Charles J</subfield></datafield><datafield ind1="1" ind2="0" tag="245"><subfield code="a">Microcomputers and microelectronics</subfield><subfield code="b">Dictonary and guide</subfield><subfield code="c">Charles j. sippl, david a. kidd</subfield></datafield><datafield ind1=" " ind2=" " tag="260"><subfield code="a">Brussels</subfield><subfield code="b">Integrated Computer Systems, Inc</subfield><subfield code="c">1975</subfield></datafield><datafield ind1=" " ind2=" " tag="300"><subfield code="a">IX+516P. + APPENDIX A,B,C,D,E,F, + P.1-38P</subfield></datafield><datafield ind1="1" ind2=" " tag="700"><subfield code="a">Kidd, David A</subfield></datafield><datafield ind1=" " ind2=" " tag="852"><subfield code="a">D.139</subfield><subfield code="c">SLT</subfield></datafield><datafield ind1=" " ind2=" " tag="CAT"><subfield code="a">Sys</subfield><subfield code="c">20130218</subfield><subfield code="h">152043</subfield></datafield></record></collection>